@MISC {agersimon2018,
    author       = "AGER, Simon",
    title        = "The Latin Alphabet",
    url          = "https://www.omniglot.com/writing/latin.htm",
    note         = "[Online], [cit. 12.4.2018]"
}

@Article{arutiunov2007,
author =            "ARUTIUNOV, Sergei Aleksandrovich",
title =             "Who's Afraid of the Latin Alphabet?",
journal =           "Anthropology and Archeology of Eurasia",
volume =            "2007",
number =            "46",
pages =             "36-48",
issn =              "1061-1959"
}

@Article{pusnik2006,
author =            "PUŠNIK, Nace and MOŽINA, Klementina and PODLESEK, Anja",
title =             "Effect of typeface, letter case and position on recognition of short words presented on-screen",
journal =           "Behaviour and Information Technology",
volume =            "2006",
number =            "35",
pages =             "442-451",
issn =              "0144-929X"
}

@Book{joyce1957,
author =            "GORDON, Arthur E and Joyce S ",
title =             "Contributions to the palaeography of Latin inscriptions",
publisher =         "Berkeley,University of California Press",
year =              "1957"
}

@Misc{cerna2006,
author = {ČERNÁ, Lenka},
title = {Typografie, \emph{Seminární práce k předmětu Základy knihy, písma a tisku }},
year = {2002},
note = {[Online], [cit. 13.4.2018]},
url = {http://www.phil.muni.cz/~lcerna/typografie.pdf}
}

@Misc{janak2001,
author = {JANÁK, Robert},
title = {Písmo},
year = {2001},
note = {[Online], [cit. 13.4.2018]},
url = {http://www.typografie.unas.cz/pismo.html}
}

@INPROCEEDINGS{mackiewicz2003,
author={J. MACKIEWICZ},
booktitle={IEEE International Professional Communication Conference, 2003. IPCC 2003. Proceedings.},
title={What technical writing students do know and should know about typography},
year={2003},
volume={},
number={},
doi={10.1109/IPCC.2003.1245492},
ISSN={},
month={Září},}

@MastersThesis{sirucek2006,
author = {Michal ŠIRŮČEK},
title = {Pravidla české digitální typografie},
school = {Vysoká škola ekonomícká v Praze},
year = {2006},
type = {Bakalářská práce},
address = {Praha},
month = {Prosinec}
}

@MastersThesis{lukes2013,
author = {LUKEŠ, Lubomír},
title = {Porovnání typografických možností současných kancelářských editorů},
school = {Univerzita Pardubice},
year = {2013},
type = {Bakalářská práce},
address = {Pardubice},
}

@Book{kottwitz2011,
author = {KOTTWITZ, Stefan},
title = {\LaTeX \, Beginners's Guide},
publisher = {Packt Publishing Ltd.},
year = {2011},
address = {Birmingham},
month = {Březen},
isbn = {978-1-847199-86-7},
}
